<record><leader>00000cas a2200000 a 4500</leader><controlfield tag="001">12187505</controlfield><controlfield tag="008">850621d19841984hiumr ne      0   a0eng d</controlfield><datafield ind1=" " ind2=" " tag="010"><subfield code="a">sn 85047207 </subfield></datafield><datafield ind1=" " ind2=" " tag="040"><subfield code="a">HUH</subfield><subfield code="b">eng</subfield><subfield code="c">HUH</subfield><subfield code="d">HWN</subfield><subfield code="d">OCL</subfield><subfield code="d">OCLCQ</subfield><subfield code="d">OCLCF</subfield><subfield code="d">OCLCO</subfield><subfield code="d">HUH</subfield></datafield><datafield ind1="0" ind2=" " tag="041"><subfield code="a">eng</subfield><subfield code="a">map</subfield></datafield><datafield ind1=" " ind2="7" tag="041"><subfield code="a">eng</subfield><subfield code="a">smo</subfield><subfield code="2">iso639-3</subfield></datafield><datafield ind1=" " ind2=" " tag="042"><subfield code="a">msc</subfield></datafield><datafield ind1=" " ind2=" " tag="043"><subfield code="a">n-us-hi</subfield></datafield><datafield ind1=" " ind2=" " tag="090"><subfield code="a">DU624.7.S33</subfield><subfield code="b">S33</subfield></datafield><datafield ind1="0" ind2="0" tag="245"><subfield code="a">Samoa.</subfield></datafield><datafield ind1=" " ind2=" " tag="260"><subfield code="a">Pearl City, HI :</subfield><subfield code="b">Samoa News,</subfield><subfield code="c">1984.</subfield></datafield><datafield ind1=" " ind2=" " tag="300"><subfield code="a">1 v. :</subfield><subfield code="b">ill. ;</subfield><subfield code="c">28 cm.</subfield></datafield><datafield ind1=" " ind2=" " tag="310"><subfield code="a">Monthly</subfield></datafield><datafield ind1="0" ind2=" " tag="362"><subfield code="a">Vol. 1, no. 1 (Aug. '84)-v. 1, no. 2 (Sept. '84).</subfield></datafield><datafield ind1=" " ind2=" " tag="515"><subfield code="a">No more pubished?</subfield></datafield><datafield ind1=" " ind2=" " tag="546"><subfield code="a">In English and Samoan.</subfield></datafield><datafield ind1=" " ind2="0" tag="650"><subfield code="a">Samoans</subfield><subfield code="z">Hawaii</subfield><subfield code="v">Periodicals.</subfield></datafield><datafield ind1=" " ind2="7" tag="650"><subfield code="a">Samoans.</subfield><subfield code="2">fast</subfield><subfield code="0">(OCoLC)fst01198518</subfield></datafield><datafield ind1=" " ind2="7" tag="651"><subfield code="a">Hawaii.</subfield><subfield code="2">fast</subfield><subfield code="0">(OCoLC)fst01208724</subfield></datafield><datafield ind1=" " ind2="7" tag="655"><subfield code="a">Periodicals.</subfield><subfield code="2">fast</subfield><subfield code="0">(OCoLC)fst01411641</subfield></datafield><datafield ind1=" " ind2=" " tag="752"><subfield code="a">United States</subfield><subfield code="b">Hawaii</subfield><subfield code="c">Honolulu</subfield><subfield code="d">Pearl City.</subfield></datafield></record>